<record><leader>00000cas a2200000 a 4500</leader><controlfield tag="001">29289422</controlfield><controlfield tag="008">931109d19401959caudn ne      0    0eng c</controlfield><datafield ind1=" " ind2=" " tag="010"><subfield code="a">sn 93053225 </subfield></datafield><datafield ind1=" " ind2=" " tag="040"><subfield code="a">CNK</subfield><subfield code="b">eng</subfield><subfield code="c">CNK</subfield><subfield code="d">OCLCQ</subfield><subfield code="d">OCLCF</subfield><subfield code="d">OCLCO</subfield></datafield><datafield ind1="1" ind2=" " tag="029"><subfield code="a">AU@</subfield><subfield code="b">000021896531</subfield></datafield><datafield ind1=" " ind2=" " tag="042"><subfield code="a">pcc</subfield></datafield><datafield ind1=" " ind2=" " tag="043"><subfield code="a">n-us-ca</subfield></datafield><datafield ind1="0" ind2="0" tag="245"><subfield code="a">Oxnard press-courier.</subfield></datafield><datafield ind1=" " ind2=" " tag="260"><subfield code="a">Oxnard, Calif. :</subfield><subfield code="b">Dan W. Emmett</subfield></datafield><datafield ind1=" " ind2=" " tag="300"><subfield code="a">v.</subfield></datafield><datafield ind1=" " ind2=" " tag="310"><subfield code="a">Daily (except Sun. &amp; holidays)</subfield></datafield><datafield ind1="0" ind2=" " tag="362"><subfield code="a">Vol. 32, no. 256 (May 6, 1940)-v. 51, no. 281 (May 29, 1959).</subfield></datafield><datafield ind1=" " ind2="0" tag="651"><subfield code="a">Oxnard (Calif.)</subfield><subfield code="v">Newspapers.</subfield></datafield><datafield ind1=" " ind2="7" tag="655"><subfield code="a">Newspapers.</subfield><subfield code="2">fast</subfield><subfield code="0">(OCoLC)fst01423814</subfield></datafield><datafield ind1=" " ind2="7" tag="651"><subfield code="a">California</subfield><subfield code="z">Oxnard.</subfield><subfield code="2">fast</subfield><subfield code="0">(OCoLC)fst01213989</subfield></datafield><datafield ind1=" " ind2=" " tag="752"><subfield code="a">United States</subfield><subfield code="b">California</subfield><subfield code="c">Ventura</subfield><subfield code="d">Oxnard.</subfield></datafield><datafield ind1="0" ind2="4" tag="780"><subfield code="t">Oxnard evening press</subfield></datafield><datafield ind1="0" ind2="4" tag="780"><subfield code="t">Oxnard daily courier (Oxnard, Calif. : 1937)</subfield><subfield code="w">(DLC)sn 93053224</subfield></datafield><datafield ind1="0" ind2="0" tag="785"><subfield code="t">Press-courier</subfield><subfield code="w">(DLC)sn 00060273</subfield></datafield></record>